<?xml version="1.0" encoding="UTF-8"?>
<record xmlns="http://www.loc.gov/MARC21/slim" xmlns:xsi="http://www.w3.org/2001/XMLSchema-instance" xsi:schemaLocation="http://www.loc.gov/MARC21/slim http://www.loc.gov/standards/marcxml/schema/MARC21slim.xsd">
<leader>00000cam a22      a 4500</leader>
<controlfield tag="001">001678564</controlfield>
<controlfield tag="003">NNU</controlfield>
<controlfield tag="005">20151105161432.0</controlfield>
<controlfield tag="008">860228s1951    ae            000 0 ara</controlfield>
<datafield tag="010" ind1=" " ind2=" ">
<subfield code="a">ne 63002022</subfield>
</datafield>
<datafield tag="035" ind1=" " ind2=" ">
<subfield code="a">(OCoLC)13213011</subfield>
</datafield>
<datafield tag="040" ind1=" " ind2=" ">
<subfield code="a">DLC</subfield>
<subfield code="b">eng</subfield>
<subfield code="c">OSU</subfield>
<subfield code="d">DLC</subfield>
<subfield code="d">OCLCF</subfield>
<subfield code="d">OCLCQ</subfield>
<subfield code="d">HVL</subfield>
<subfield code="d">OCLCO</subfield>
<subfield code="d">NNU</subfield>
</datafield>
<datafield tag="042" ind1=" " ind2=" ">
<subfield code="a">premarc</subfield>
</datafield>
<datafield tag="043" ind1=" " ind2=" ">
<subfield code="a">ma-----</subfield>
</datafield>
<datafield tag="050" ind1="0" ind2="0">
<subfield code="a">DS234</subfield>
<subfield code="b">.T3 1951</subfield>
</datafield>
<datafield tag="100" ind1="0" ind2=" ">
<subfield code="6">880-01</subfield>
<subfield code="a">Ṭabarī,</subfield>
<subfield code="d">838?-923.</subfield>
</datafield>
<datafield tag="240" ind1="1" ind2="0">
<subfield code="6">880-02</subfield>
<subfield code="a">Tārīkh al-rusul wa-al-mulūk.</subfield>
<subfield code="k">Selections</subfield>
</datafield>
<datafield tag="245" ind1="1" ind2="0">
<subfield code="6">880-03</subfield>
<subfield code="a">Muntakhabāt min al-juzʼ al-thālith min Tārīkh al-umam wa-al-mulūk /</subfield>
<subfield code="c">li-Abī Jaʻfar Muḥammad ibn Jarīr al-Ṭabarī ; iʻtaná bi-iltiqāṭiha wa-nashrihā Māriyūs Kānār.</subfield>
</datafield>
<datafield tag="260" ind1=" " ind2=" ">
<subfield code="6">880-04</subfield>
<subfield code="a">al-Jazāʼir :</subfield>
<subfield code="b">al-Maṭbaʻah al-Rasmīyah,</subfield>
<subfield code="c">1951.</subfield>
</datafield>
<datafield tag="300" ind1=" " ind2=" ">
<subfield code="a">159 pages ;</subfield>
<subfield code="c">24 cm.</subfield>
</datafield>
<datafield tag="336" ind1=" " ind2=" ">
<subfield code="a">text</subfield>
<subfield code="b">txt</subfield>
<subfield code="2">rdacontent</subfield>
</datafield>
<datafield tag="337" ind1=" " ind2=" ">
<subfield code="a">unmediated</subfield>
<subfield code="b">n</subfield>
<subfield code="2">rdamedia</subfield>
</datafield>
<datafield tag="338" ind1=" " ind2=" ">
<subfield code="a">volume</subfield>
<subfield code="b">nc</subfield>
<subfield code="2">rdacarrier</subfield>
</datafield>
<datafield tag="490" ind1="1" ind2=" ">
<subfield code="6">880-05</subfield>
<subfield code="a">Maktabat Maʻhad al-Durūs al-ʻUlyā al-Islāmīyah bi-al-Jazāʼir ;</subfield>
<subfield code="v">5</subfield>
</datafield>
<datafield tag="500" ind1=" " ind2=" ">
<subfield code="a">Title on back cover: Recueil de textes relatifs au califat abbaside d'Al-Mu'tacim à Al-Mu'tamid (218-279 -- 833-892).</subfield>
</datafield>
<datafield tag="651" ind1=" " ind2="0">
<subfield code="a">Arab countries</subfield>
<subfield code="x">History.</subfield>
</datafield>
<datafield tag="651" ind1=" " ind2="7">
<subfield code="a">Arab countries.</subfield>
<subfield code="2">fast</subfield>
<subfield code="0">(OCoLC)fst01240128.</subfield>
</datafield>
<datafield tag="655" ind1=" " ind2="7">
<subfield code="a">History.</subfield>
<subfield code="2">fast</subfield>
<subfield code="0">(OCoLC)fst01411628.</subfield>
</datafield>
<datafield tag="700" ind1="1" ind2=" ">
<subfield code="6">880-06</subfield>
<subfield code="a">Canard, Marius.</subfield>
</datafield>
<datafield tag="740" ind1="0" ind2=" ">
<subfield code="a">Recueil de textes relatifs au califat abbaside d'Al-Mu'tacim à Al-Mu'tamid (218-279 -- 833-892)</subfield>
</datafield>
<datafield tag="776" ind1="0" ind2="8">
<subfield code="i">Online version:</subfield>
<subfield code="a">Ṭabarī, 838?-923.</subfield>
<subfield code="s">Tārīkh al-rusul wa-al-mulūk. Selections. 1951.</subfield>
<subfield code="t">Muntakhabāt min al-juzʼ al-thālith min Tārīkh al-umam wa-al-mulūk.</subfield>
<subfield code="d">al-Jazāʼir : al-Maṭbaʻah al-Rasmīyah, 1951</subfield>
<subfield code="w">(OCoLC)627052847</subfield>
</datafield>
<datafield tag="880" ind1="0" ind2=" ">
<subfield code="6">100-01/</subfield>
<subfield code="a">طبري،</subfield>
<subfield code="d">838?-923.</subfield>
</datafield>
<datafield tag="880" ind1="1" ind2="0">
<subfield code="6">240-02/</subfield>
<subfield code="a">تاريخ الرسل والملوك.</subfield>
<subfield code="k">Selections</subfield>
</datafield>
<datafield tag="880" ind1="1" ind2="0">
<subfield code="6">245-03/</subfield>
<subfield code="a">منتخبات من الجزء الثالث من تاريخ المم والملوك /</subfield>
<subfield code="c">لابي جعفر محمد بن جرير الطبري ؛ اعتنى بالتقاطه ونشرها ماريوس كانار.</subfield>
</datafield>
<datafield tag="880" ind1=" " ind2=" ">
<subfield code="6">260-04/</subfield>
<subfield code="a">الجزائر :</subfield>
<subfield code="b">المطبعة الرسمية،</subfield>
<subfield code="c">1951.</subfield>
</datafield>
<datafield tag="880" ind1="1" ind2=" ">
<subfield code="6">490-05/</subfield>
<subfield code="a">مكتبة معهد الدروس العليا الاسلامية بالجزائر ؛</subfield>
<subfield code="v">5</subfield>
</datafield>
<datafield tag="880" ind1="1" ind2=" ">
<subfield code="6">700-06/</subfield>
<subfield code="a">كانار، ماريوس.</subfield>
</datafield>
<datafield tag="830" ind1=" " ind2="0">
<subfield code="a">Bibliothèque de l'Institut d'études supérieures islamiques d'Alger ;</subfield>
<subfield code="v">5.</subfield>
</datafield>
<datafield tag="OWN" ind1=" " ind2=" ">
<subfield code="a">GENERAL</subfield>
</datafield>
<datafield tag="AVA" ind1=" " ind2=" ">
<subfield code="a">NYU50</subfield>
<subfield code="b">BOBST</subfield>
<subfield code="c">Main Collection</subfield>
<subfield code="d">DS234 .T3 1951</subfield>
<subfield code="e">unavailable</subfield>
<subfield code="t">Unavailable</subfield>
<subfield code="f">1</subfield>
<subfield code="g">1</subfield>
<subfield code="h">N</subfield>
<subfield code="i">0</subfield>
<subfield code="j">MAIN</subfield>
<subfield code="k">0</subfield>
</datafield>
</record>
